@article{liu2020blockchain,
  title={Blockchain-based identity management systems: A review},
  author={Liu, Yang and He, Debiao and Obaidat, Mohammad S and Kumar, Neeraj and Khan, Muhammad Khurram and Choo, Kim-Kwang Raymond},
  journal={Journal of network and computer applications},
  volume={166},
  pages={102731},
  year={2020},
  publisher={Elsevier}
}

@article{kuperberg2019blockchain,
  title={Blockchain-based identity management: A survey from the enterprise and ecosystem perspective},
  author={Kuperberg, Michael},
  journal={IEEE Transactions on Engineering Management},
  volume={67},
  number={4},
  pages={1008--1027},
  year={2019},
  publisher={IEEE}
}

@article{ngwenya2021digital,
  title={Digital Identity in Zimbabwe: Case Study Conducted as Part of a Ten-country Exploration of Socio-digital ID Systems in Parts of Africa},
  author={Ngwenya, Nhlanhla},
  year={2021},
  publisher={Research ICT Africa}
}

@article{dalwai2014aadhaar,
  title={Aadhaar technology and architecture: principles, design, best practices and key lessons},
  author={Dalwai, Ashok},
  journal={Unique Identification Authority of India (UIDAI), Tech. Rep},
  year={2014}
}

@inproceedings{sharma2019blurring,
  title={Blurring the lines between blockchains and database systems: the case of hyperledger fabric},
  author={Sharma, Ankur and Schuhknecht, Felix Martin and Agrawal, Divya and Dittrich, Jens},
  booktitle={Proceedings of the 2019 International Conference on Management of Data},
  pages={105--122},
  year={2019}
}

@article{sung2021understanding,
  title={Understanding of blockchain-based identity management system adoption in the public sector},
  author={Sung, Chang Soo and Park, Joo Yeon},
  journal={Journal of Enterprise Information Management},
  volume={34},
  number={5},
  pages={1481--1505},
  year={2021},
  publisher={Emerald Publishing Limited}
}

@article{faber2019bpdims,
  title={BPDIMS: A blockchain-based personal data and identity management system},
  author={Faber, Benedict and Michelet, Georg Cappelen and Weidmann, Niklas and Mukkamala, Raghava Rao and Vatrapu, Ravi},
  year={2019}
}

@inproceedings{wang2018medusa,
  title={Medusa: blockchain powered log storage system},
  author={Wang, Hao and Yang, Desheng and Duan, Nian and Guo, Yang and Zhang, Lu},
  booktitle={2018 IEEE 9th International Conference on Software Engineering and Service Science (ICSESS)},
  pages={518--521},
  year={2018},
  organization={IEEE}
}

@article{honar2021hyperledger,
  title={Hyperledger fabric blockchain for securing the edge internet of things},
  author={Honar Pajooh, Houshyar and Rashid, Mohammad and Alam, Fakhrul and Demidenko, Serge},
  journal={Sensors},
  volume={21},
  number={2},
  pages={359},
  year={2021},
  publisher={Multidisciplinary Digital Publishing Institute}
}

@article{manevich2019endorsement,
  title={Endorsement in Hyperledger Fabric via service discovery},
  author={Manevich, Yacov and Barger, Artem and Tock, Yoav},
  journal={IBM Journal of Research and Development},
  volume={63},
  number={2/3},
  pages={2--1},
  year={2019},
  publisher={IBM}
}

@article{bhat2022understanding,
  title={Understanding Docker Compose},
  author={Bhat, Sathyajith and Bhat, Sathyajith},
  journal={Practical Docker with Python: Build, Release, and Distribute Your Python App with Docker},
  pages={165--198},
  year={2022},
  publisher={Springer}
}

@article{tashildar2020application,
  title={Application development using flutter},
  author={Tashildar, Aakanksha and Shah, Nisha and Gala, Rushabh and Giri, Trishul and Chavhan, Pranali},
  journal={International Research Journal of Modernization in Engineering Technology and Science},
  volume={2},
  number={8},
  pages={1262--1266},
  year={2020}
}

@article{aggarwal2018modern,
  title={Modern web-development using reactjs},
  author={Aggarwal, Sanchit and others},
  journal={International Journal of Recent Research Aspects},
  volume={5},
  number={1},
  pages={133--137},
  year={2018}
}

@inproceedings{odeh2023digital,
  title={Digital Identity Using Hyperledger Fabric as a Private Blockchain-Based System},
  author={Odeh, Suhail and Samara, Anas and Rizqallah, Ramiz and Shaheen, Lara},
  booktitle={Blockchain and Applications, 4th International Congress},
  pages={153--161},
  year={2023},
  organization={Springer}
}

@inproceedings{shih2022international,
  title={An International Federal Hyperledger Fabric Verification Framework for Digital COVID-19 Vaccine Passport},
  author={Shih, Dong-Her and Shih, Pai-Ling and Wu, Ting-Wei and Liang, Shu-Huai and Shih, Ming-Hung},
  booktitle={Healthcare},
  volume={10},
  number={10},
  pages={1950},
  year={2022},
  organization={MDPI}
}

@article{he2021efficient,
  title={Efficient identity-based proxy re-encryption scheme in blockchain-assisted decentralized storage system},
  author={He, Jiayu and Zheng, Dong and Guo, Rui and Chen, Yushuang and Li, Kemeng and Tao, Xiaoling},
  journal={International Journal of Network Security},
  volume={23},
  number={5},
  pages={776--790},
  year={2021},
  publisher={捷頂科技有限公司}
}

@inproceedings{androulaki2019endorsement,
  title={Endorsement in hyperledger fabric},
  author={Androulaki, Elli and De Caro, Angelo and Neugschwandtner, Matthias and Sorniotti, Alessandro},
  booktitle={2019 IEEE International Conference on Blockchain (Blockchain)},
  pages={510--519},
  year={2019},
  organization={IEEE}
}